@book{murphy2012machine,
  title={Machine Learning: A Probabilistic Perspective},
  author={Murphy, K.P.},
  isbn={9780262018029},
  lccn={2012004558},
  series={Adaptive Computation and Machine Learning series},
  url={https://books.google.com/books?id=NZP6AQAAQBAJ},
  year={2012},
  publisher={MIT Press}
}
@book{bishop2016pattern,
  title={Pattern Recognition and Machine Learning},
  author={Bishop, C.M.},
  isbn={9781493938438},
  lccn={2006922522},
  series={Information Science and Statistics},
  url={https://books.google.com/books?id=kOXDtAEACAAJ},
  year={2016},
  publisher={Springer New York}
}
@book{hastie2013elements,
  title={The Elements of Statistical Learning: Data Mining, Inference, and Prediction},
  author={Hastie, T. and Tibshirani, R. and Friedman, J.},
  isbn={9780387216065},
  lccn={2001031433},
  series={Springer Series in Statistics},
  url={https://books.google.com/books?id=yPfZBwAAQBAJ},
  year={2013},
  publisher={Springer New York}
}
@book{mohri2018foundations,
  title={Foundations of Machine Learning},
  author={Mohri, M. and Rostamizadeh, A. and Talwalkar, A.},
  isbn={9780262039406},
  lccn={2018022812},
  series={Adaptive Computation and Machine Learning series},
  url={https://books.google.com/books?id=V2B9DwAAQBAJ},
  year={2018},
  publisher={MIT Press}
}
@book{geron2017hands,
  title={Hands-On Machine Learning with Scikit-Learn and TensorFlow: Concepts, Tools, and Techniques to Build Intelligent Systems},
  author={G{\'e}ron, A.},
  isbn={9781491962268},
  url={https://books.google.com/books?id=khpYDgAAQBAJ},
  year={2017},
  publisher={O'Reilly Media}
}
@book{wasserman2013all,
  title={All of Statistics: A Concise Course in Statistical Inference},
  author={Wasserman, L.},
  isbn={9780387217369},
  lccn={2003062209},
  series={Springer Texts in Statistics},
  url={https://books.google.com/books?id=qrcuBAAAQBAJ},
  year={2013},
  publisher={Springer New York}
}
@book{marsland2015machine,
  title={Machine Learning: An Algorithmic Perspective, Second Edition},
  author={Marsland, S.},
  isbn={9781498759786},
  url={https://books.google.com/books?id=y\_oYCwAAQBAJ},
  year={2015},
  publisher={CRC Press}
}
